@article{art1,
  title       = {A fake article},
  author      = {Davis, J. and Jones, M.},
  journal     = {Journal of CI tests},
  year        = {2022},
  description = {hintFake}
}

@book{lamport1994latex,
  title        = {LATEX: A Document Preparation System : User's Guide and Reference Manual},
  author       = {Lamport, L. and Bibby, D. and Pearson Education},
  isbn         = {9780201529838},
  lccn         = {93039691},
  series       = {Addison-Wesley Series on Tools},
  url          = {https://books.google.ch/books?id=khVUAAAAMAAJ},
  year         = {1994},
  publisher    = {Addison-Wesley},
  description = {hintLaTex}
}

@book{MR1241645,
  author      = {Rubinstein, Reuven Y. and Shapiro, Alexander},
  title       = {Discrete event systems},
  series      = {Wiley Series in Probability and Mathematical Statistics:
                 Probability and Mathematical Statistics},
  note        = {Sensitivity analysis and stochastic optimization by the score
                 function method},
  publisher   = {John Wiley \& Sons Ltd.},
  address     = {Chichester},
  year        = 1993,
  description = {hintRubi}
}